<record><leader>00000cas a2200000 a 4500</leader><controlfield tag="001">43754221</controlfield><controlfield tag="008">000331d19uu1936caucr ne      0    0eng c</controlfield><datafield ind1=" " ind2=" " tag="010"><subfield code="a">sn 00060387 </subfield></datafield><datafield ind1=" " ind2=" " tag="040"><subfield code="a">CNK</subfield><subfield code="b">eng</subfield><subfield code="c">CNK</subfield><subfield code="d">OCLCQ</subfield><subfield code="d">OCLCF</subfield><subfield code="d">OCLCO</subfield></datafield><datafield ind1="1" ind2=" " tag="029"><subfield code="a">AU@</subfield><subfield code="b">000021430968</subfield></datafield><datafield ind1=" " ind2=" " tag="042"><subfield code="a">pcc</subfield></datafield><datafield ind1=" " ind2=" " tag="043"><subfield code="a">n-us-ca</subfield></datafield><datafield ind1="0" ind2="0" tag="245"><subfield code="a">Coast reporter.</subfield></datafield><datafield ind1=" " ind2=" " tag="260"><subfield code="a">Whittier, Calif. :</subfield><subfield code="b">Kennard &amp; Whitehead</subfield></datafield><datafield ind1=" " ind2=" " tag="300"><subfield code="a">v.</subfield></datafield><datafield ind1=" " ind2=" " tag="310"><subfield code="a">Semiweekly,</subfield><subfield code="b">Mar. 16-July 29, 1936</subfield></datafield><datafield ind1=" " ind2=" " tag="321"><subfield code="a">Weekly,</subfield><subfield code="b">&lt;July 26, 1935&gt;-Mar. 11, 1936</subfield></datafield><datafield ind1="0" ind2=" " tag="362"><subfield code="a">-v. 8, no. 73 (July 29, 1936).</subfield></datafield><datafield ind1=" " ind2=" " tag="500"><subfield code="a">"The Coast Reporter with which is incorporated the Whittier Californian."</subfield></datafield><datafield ind1=" " ind2=" " tag="588"><subfield code="a">Description based on: Vol. 8, no. 1 (July 26, 1935).</subfield></datafield><datafield ind1=" " ind2="0" tag="651"><subfield code="a">Whittier (Calif.)</subfield><subfield code="v">Newspapers.</subfield></datafield><datafield ind1=" " ind2="7" tag="655"><subfield code="a">Newspapers.</subfield><subfield code="2">fast</subfield><subfield code="0">(OCoLC)fst01423814</subfield></datafield><datafield ind1=" " ind2="7" tag="651"><subfield code="a">California</subfield><subfield code="z">Whittier.</subfield><subfield code="2">fast</subfield><subfield code="0">(OCoLC)fst01206898</subfield></datafield><datafield ind1=" " ind2=" " tag="752"><subfield code="a">United States</subfield><subfield code="b">California</subfield><subfield code="c">Los Angeles</subfield><subfield code="d">Whittier.</subfield></datafield><datafield ind1="0" ind2="0" tag="785"><subfield code="t">Whittier reporter</subfield><subfield code="w">(DLC)sn 00060378</subfield></datafield></record>